% This file was created with JabRef 2.10.
% Encoding: UTF8


@Article{Candes2006,
  Title                    = {Robust uncertainty principles: exact signal reconstruction from highly incomplete frequency information},
  Author                   = {Candes, E. J. and Romberg, J. and Tao, T.},
  Journal                  = {Information Theory, IEEE Transactions on},
  Year                     = {2006},
  Number                   = {2},
  Pages                    = {489-509},
  Volume                   = {52},

  Owner                    = {unlandable},
  Timestamp                = {2015.03.10},
  Type                     = {Journal Article}
}

@Article{Candes2006a,
  Title                    = {Stable signal recovery from incomplete and inaccurate measurements},
  Author                   = {Candes, E. J. and Romberg, J. K. and Tao, T.},
  Journal                  = {Communications on Pure and Applied Mathematics},
  Year                     = {2006},

  Month                    = {Aug},
  Number                   = {8},
  Pages                    = {1207-1223},
  Volume                   = {59},

  Type                     = {Journal Article}
}

@Article{Cohen2009,
  Title                    = {Compressed sensing and best k-term approximation},
  Author                   = {Cohen, A. and Dahmen, W. and Devore, R.},
  Journal                  = {Journal of the American Mathematical Society},
  Year                     = {2009},
  Number                   = {1},
  Pages                    = {211-231},
  Volume                   = {22},

  Type                     = {Journal Article}
}

@Article{Donoho2006,
  Title                    = {Compressed sensing},
  Author                   = {Donoho, D. L.},
  Journal                  = {Ieee Transactions on Information Theory},
  Year                     = {2006},

  Month                    = {Apr},
  Number                   = {4},
  Pages                    = {1289-1306},
  Volume                   = {52},

  Owner                    = {unlandable},
  Timestamp                = {2015.03.13},
  Type                     = {Journal Article}
}

@Article{Donoho2003,
  Title                    = {Optimally sparse representation in general (nonorthogonal) dictionaries via l(1) minimization},
  Author                   = {Donoho, D. L. and Elad, M.},
  Journal                  = {Proceedings of the National Academy of Sciences of the United States of America},
  Year                     = {2003},

  Month                    = {Mar},
  Number                   = {5},
  Pages                    = {2197-2202},
  Volume                   = {100},

  Type                     = {Journal Article}
}

@Article{Donoho2001,
  Title                    = {Uncertainty principles and ideal atomic decomposition},
  Author                   = {Donoho, D. L. and Huo, X.},
  Journal                  = {Information Theory, IEEE Transactions on},
  Year                     = {2001},
  Number                   = {7},
  Pages                    = {2845-2862},
  Volume                   = {47},

  Type                     = {Journal Article}
}

@Article{Elad2002,
  Title                    = {A generalized uncertainty principle and sparse representation in pairs of bases},
  Author                   = {Elad, M. and Bruckstein, A. M.},
  Journal                  = {Ieee Transactions on Information Theory},
  Year                     = {2002},

  Month                    = {Sep},
  Number                   = {9},
  Pages                    = {2558-2567},
  Volume                   = {48},

  Type                     = {Journal Article}
}

@Article{Foucart2010,
  Title                    = {Real versus complex null space properties for sparse vector recovery},
  Author                   = {Foucart, S. and Gribonval, R.},
  Journal                  = {Comptes Rendus Mathematique},
  Year                     = {2010},

  Month                    = {Aug},
  Number                   = {15-16},
  Pages                    = {863-865},
  Volume                   = {348},

  Type                     = {Journal Article}
}

@Article{Gribonval2007,
  Title                    = {Highly sparse representations from dictionaries are unique and independent of the sparseness measure},
  Author                   = {Gribonval, R. and Nielsen, A.},
  Journal                  = {Applied and Computational Harmonic Analysis},
  Year                     = {2007},

  Month                    = {May},
  Number                   = {3},
  Pages                    = {335-355},
  Volume                   = {22},

  Type                     = {Journal Article}
}

@Article{Gribonval2003,
  Title                    = {Sparse representations in unions of bases},
  Author                   = {Gribonval, R. and Nielsen, M.},
  Journal                  = {Ieee Transactions on Information Theory},
  Year                     = {2003},

  Month                    = {Dec},
  Number                   = {12},
  Pages                    = {3320-3325},
  Volume                   = {49},

  Type                     = {Journal Article}
}

@Article{Lai2011,
  Title                    = {The null space property for sparse recovery from multiple measurement vectors},
  Author                   = {Lai, M. J. and Liu, Y.},
  Journal                  = {Applied and Computational Harmonic Analysis},
  Year                     = {2011},

  Month                    = {May},
  Number                   = {3},
  Pages                    = {402-406},
  Volume                   = {30},

  Type                     = {Journal Article}
}

