% This file was created with JabRef 2.10.
% Encoding: GBK


@Article{chen,
  Title                    = {Slepian-Wolf coding of binary finite memory sources using Burrows Wheeler transform},
  Author                   = {C. Chen, X. Ji, Q. Dai, and X. Liu},
  Journal                  = {Data Compression Conference, (Snowbird, UT)},
  Year                     = {Mar. 2009},

  __markedentry            = {[unlandable:1]},
  Owner                    = {unlandable},
  Timestamp                = {2015.02.24}
}

@Article{Cover,
  Title                    = {Elements of Information Theory},
  Author                   = {T. M. Cover and J. A. Thomas},
  Journal                  = {New York: Wiley},
  Year                     = {1991},

  Owner                    = {unlandable},
  Timestamp                = {2015.02.24}
}

@Article{Garcia,
  Title                    = {LDPC codes for compression of multi-terminal sources with hidden Markov correlation},
  Author                   = {J. Garcia-Frias and W. Zhong},
  Journal                  = {IEEE Communications Letters, vol. 7, pp. 115每117, Mar},
  Year                     = {Mar. 2003},

  Owner                    = {unlandable},
  Timestamp                = {2015.02.24}
}

@Article{Mallat,
  Title                    = {A Wavelet Tour of Signal Processing},
  Author                   = {S. Mallat},
  Journal                  = {San Diego: Academic Press},
  Year                     = {1999},

  Owner                    = {unlandable},
  Timestamp                = {2015.02.24}
}

@Article{Pradhan,
  Title                    = {Distributed source coding using syndromes (DISCUS): Design and construction},
  Author                   = {S. Pradhan and K. Ramchandran},
  Journal                  = {IEEE Trans. Inform. Theory, vol. 49, pp. 626每643},
  Year                     = {Mar. 2003},

  Owner                    = {unlandable},
  Timestamp                = {2015.02.24}
}

@Article{Slepian,
  Title                    = {Noiseless coding of correlated information sources},
  Author                   = {D. Slepian and J. K. Wolf},
  Journal                  = {IEEE Trans. Inform. Theory, vol. 19, pp. 471每480},
  Year                     = {July 1973},

  Owner                    = {unlandable},
  Timestamp                = {2015.02.24}
}

@Article{Uyematsu,
  Title                    = {Universal coding for correlated sources with memory},
  Author                   = {T. Uyematsu},
  Journal                  = {Canadian Workshop Inform. Theory. Vancouver, Canada},
  Year                     = {June 2001},

  Owner                    = {unlandable},
  Timestamp                = {2015.02.24}
}

@Article{Z.Xiong,
  Title                    = {Distributed source coding for sensor networks},
  Author                   = {Z. Xiong, A. Liveris, and S. Cheng},
  Journal                  = {IEEE Signal Proc. Mag. vol. 21, pp. 80每94},
  Year                     = {Sept. 2004},

  Owner                    = {unlandable},
  Timestamp                = {2015.02.24}
}

