% This file was created with JabRef 2.10.
% Encoding: UTF8


@Article{23,
  Title                    = {A Simple Proof of the Restricted Isometry Property for Random Matrices},
  Author                   = {Baraniuk, Richard and Davenport, Mark and DeVore, Ronald and Wakin, Michael},
  Journal                  = {Constructive Approximation},
  Year                     = {2008},

  Month                    = {2008/12/01},
  Number                   = {3},
  Pages                    = {253-263},
  Volume                   = {28},

  Owner                    = {unlandable},
  Timestamp                = {2015.03.13},
  Type                     = {Journal Article}
}

@Article{27,
  Title                    = {Distributed compressed sensing},
  Author                   = {Baron, Dror and Wakin, Michael B. and Duarte, Marco F. and Sarvotham, Shriram and Baraniuk, Richard G.},
  Journal                  = {preprint},
  Year                     = {2005},

  Owner                    = {unlandable},
  Timestamp                = {2015.03.13},
  Type                     = {Journal Article}
}

@Book{26,
  Title                    = {Algebraic Codes for Data Transmission},
  Author                   = {R.E. Blahut},
  Publisher                = {Cambridge, U.K.: Cambridge Univ. Press},
  Year                     = {2003},

  Owner                    = {unlandable},
  Timestamp                = {2015.03.13}
}

@Article{2-3,
  Title                    = {Least absolute deviations. Theory, applications, and algorithms},
  Author                   = {Bloomfield, Peter and Steiger, William L.},
  Journal                  = {Progress in probability and statistics},
  Year                     = {1983},

  Owner                    = {unlandable},
  Timestamp                = {2015.03.14}
}

@Book{Boyd2004,
  Title                    = {Convex Optimization},
  Author                   = {S. Boyd and L. Vandenberghe},
  Publisher                = {Cambridge, U.K.: Cambridge Univ. Press},
  Year                     = {2004},

  Owner                    = {unlandable},
  Timestamp                = {2015.03.27}
}

@TechReport{17,
  Title                    = {Lectures on compressive sampling and frontiers in signal processing},
  Author                   = {E.J. Cand√®s},
  Institution              = {The Institute for Mathematics and its Applications. University of Minnesota},
  Year                     = {2007},
  Month                    = {June},

  Owner                    = {unlandable},
  Timestamp                = {2015.03.13}
}

@Article{Candes2007,
  Title                    = {Sparsity and incoherence in compressive sampling},
  Author                   = {Candes, E. and Romberg, J.},
  Journal                  = {Inverse Problems},
  Year                     = {2007},
  Number                   = {3},
  Pages                    = {969-985},
  Volume                   = {23},

  Owner                    = {unlandable},
  Timestamp                = {2015.03.10},
  Type                     = {Journal Article}
}

@Article{19,
  Title                    = {The Dantzig selector: Statistical estimation when p is much larger than n},
  Author                   = {Candes, E. and Tao, T.},
  Journal                  = {Annals of Statistics},
  Year                     = {2007},

  Month                    = {Dec},
  Number                   = {6},
  Pages                    = {2313-2351},
  Volume                   = {35},

  Owner                    = {unlandable},
  Timestamp                = {2015.03.13},
  Type                     = {Journal Article}
}

@Article{2-5,
  Title                    = {New tight frames of curvelets and optimal representations of objects with piecewise C-2 singularities},
  Author                   = {Candes, E. J. and Donoho, D. L.},
  Journal                  = {Communications on Pure and Applied Mathematics},
  Year                     = {2004},

  Month                    = {Feb},
  Number                   = {2},
  Pages                    = {219-266},
  Volume                   = {57},

  Owner                    = {unlandable},
  Timestamp                = {2015.03.16}
}

@Article{Candes2006a,
  Title                    = {Quantitative Robust Uncertainty Principles and Optimally Sparse Decompositions},
  Author                   = {Candes, Emmanuel J. and Romberg, Justin},
  Journal                  = {Foundations of Computational Mathematics},
  Year                     = {2006},

  Month                    = {2006/04/01},
  Number                   = {2},
  Pages                    = {227-254},
  Volume                   = {6},

  Owner                    = {unlandable},
  Timestamp                = {2015.03.22}
}

@Article{Candes2006,
  Title                    = {Robust uncertainty principles: exact signal reconstruction from highly incomplete frequency information},
  Author                   = {Candes, E. J. and Romberg, J. and Tao, T.},
  Journal                  = {Information Theory, IEEE Transactions on},
  Year                     = {2006},
  Number                   = {2},
  Pages                    = {489-509},
  Volume                   = {52},

  Owner                    = {unlandable},
  Timestamp                = {2015.03.10},
  Type                     = {Journal Article}
}

@Article{16,
  Title                    = {Stable signal recovery from incomplete and inaccurate measurements},
  Author                   = {Candes, E. J. and Romberg, J. K. and Tao, T.},
  Journal                  = {Communications on Pure and Applied Mathematics},
  Year                     = {2006},

  Month                    = {Aug},
  Number                   = {8},
  Pages                    = {1207-1223},
  Volume                   = {59},

  Owner                    = {unlandable},
  Timestamp                = {2015.03.12},
  Type                     = {Journal Article}
}

@Article{2-7,
  Title                    = {Near-optimal signal recovery from random projections: Universal encoding strategies?},
  Author                   = {Candes, E. J. and Tao, T.},
  Journal                  = {Ieee Transactions on Information Theory},
  Year                     = {2006},

  Month                    = {Dec},
  Number                   = {12},
  Pages                    = {5406-5425},
  Volume                   = {52},

  Owner                    = {unlandable},
  Timestamp                = {2015.03.14}
}

@Article{15,
  Title                    = {Decoding by linear programming},
  Author                   = {Candes, E. J. and Tao, T.},
  Journal                  = {Ieee Transactions on Information Theory},
  Year                     = {2005},

  Month                    = {Dec},
  Number                   = {12},
  Pages                    = {4203-4215},
  Volume                   = {51},

  Owner                    = {unlandable},
  Timestamp                = {2015.03.12},
  Type                     = {Journal Article}
}

@Article{Candes2008,
  Title                    = {An introduction to compressive sampling},
  Author                   = {Candes, E. J. and Wakin, M. B.},
  Journal                  = {Ieee Signal Processing Magazine},
  Year                     = {2008},
  Number                   = {2},
  Pages                    = {21-30},
  Volume                   = {25},

  Doi                      = {10.1109/msp.2007.914731},
  ISSN                     = {1053-5888},
  Owner                    = {unlandable},
  Timestamp                = {2015.03.09},
  Type                     = {Journal Article}
}

@Article{30,
  Title                    = {Enhancing Sparsity by Reweighted l(1) Minimization},
  Author                   = {Candes, E. J. and Wakin, M. B. and Boyd, S. P.},
  Journal                  = {Journal of Fourier Analysis and Applications},
  Year                     = {2008},

  Month                    = {Dec},
  Number                   = {5-6},
  Pages                    = {877-905},
  Volume                   = {14},

  Owner                    = {unlandable},
  Timestamp                = {2015.03.14},
  Type                     = {Journal Article}
}

@Article{22,
  Title                    = {Atomic decomposition by basis pursuit},
  Author                   = {Chen, S. S. B. and Donoho, D. L. and Saunders, M. A.},
  Journal                  = {Siam Review},
  Year                     = {2001},

  Month                    = {Mar},
  Number                   = {1},
  Pages                    = {129-159},
  Volume                   = {43},

  Owner                    = {unlandable},
  Timestamp                = {2015.03.13},
  Type                     = {Journal Article}
}

@Article{Claerbout1973,
  Title                    = {Robust modeling with erratic data},
  Author                   = {J.F. Claerbout and F. Muir},
  Journal                  = {Geophys. Mag.},
  Year                     = {1973},

  Month                    = {Oct},
  Number                   = {5},
  Pages                    = {826-844},
  Volume                   = {38},

  Owner                    = {unlandable},
  Timestamp                = {2015.03.10}
}

@Article{18,
  Title                    = {Compressed sensing and best k-term approximation},
  Author                   = {Cohen, A. and Dahmen, W. and Devore, R.},
  Journal                  = {Journal of the American Mathematical Society},
  Year                     = {2009},
  Number                   = {1},
  Pages                    = {211-231},
  Volume                   = {22},

  Owner                    = {unlandable},
  Timestamp                = {2015.03.13},
  Type                     = {Journal Article}
}

@Article{Coifman2001,
  Title                    = {Noiselets},
  Author                   = {Coifman, R. and Geshwind, F. and Meyer, Y.},
  Journal                  = {Applied and Computational Harmonic Analysis},
  Year                     = {2001},
  Number                   = {1},
  Pages                    = {27-44},
  Volume                   = {10},

  Doi                      = {10.1006/acha.2000.0313},
  ISSN                     = {1063-5203},
  Owner                    = {unlandable},
  Timestamp                = {2015.03.09},
  Type                     = {Journal Article}
}

@Article{3,
  Title                    = {Compressed sensing},
  Author                   = {Donoho, D. L.},
  Journal                  = {Ieee Transactions on Information Theory},
  Year                     = {2006},

  Month                    = {Apr},
  Number                   = {4},
  Pages                    = {1289-1306},
  Volume                   = {52},

  Owner                    = {unlandable},
  Timestamp                = {2015.03.13},
  Type                     = {Journal Article}
}

@Article{Donoho2006,
  Title                    = {For most large underdetermined systems of linear equations the minimal l(1)-norm solution is also the sparsest solution},
  Author                   = {Donoho, D. L.},
  Journal                  = {Communications on Pure and Applied Mathematics},
  Year                     = {2006},

  Month                    = {Jun},
  Number                   = {6},
  Pages                    = {797-829},
  Volume                   = {59},

  Owner                    = {unlandable},
  Timestamp                = {2015.03.22}
}

@Article{2-27,
  Title                    = {Optimally sparse representation in general (nonorthogonal) dictionaries via l(1) minimization},
  Author                   = {Donoho, D. L. and Elad, M.},
  Journal                  = {Proceedings of the National Academy of Sciences of the United States of America},
  Year                     = {2003},

  Month                    = {Mar},
  Number                   = {5},
  Pages                    = {2197-2202},
  Volume                   = {100},

  Owner                    = {unlandable},
  Timestamp                = {2015.03.16}
}

@Article{Donoho2001,
  Title                    = {Uncertainty principles and ideal atomic decomposition},
  Author                   = {Donoho, D. L. and Huo, X.},
  Journal                  = {Information Theory, IEEE Transactions on},
  Year                     = {2001},
  Number                   = {7},
  Pages                    = {2845-2862},
  Volume                   = {47},

  Doi                      = {10.1109/18.959265},
  ISSN                     = {0018-9448},
  Owner                    = {unlandable},
  Timestamp                = {2015.03.08},
  Type                     = {Journal Article}
}

@Article{2-22,
  Title                    = {Signal Recovery and the Large Sieve},
  Author                   = {Donoho, D. L. and Logan, B. F.},
  Journal                  = {SIAM Journal on Applied Mathematics},
  Year                     = {1992},
  Number                   = {2},
  Pages                    = {577-591},
  Volume                   = {52},

  Owner                    = {unlandable},
  Timestamp                = {2015.03.16}
}

@Article{14,
  Title                    = {Uncertainty principles and signal recovery},
  Author                   = {Donoho, David L. and Stark, Philip B.},
  Journal                  = {SIAM Journal on Mathematical Analysis},
  Year                     = {1989},
  Number                   = {3},
  Pages                    = {906-931},
  Volume                   = {49},

  Owner                    = {unlandable},
  Timestamp                = {2015.03.11}
}

@Article{2-24,
  Title                    = {Data compression and harmonic analysis},
  Author                   = {Donoho, D. L. and Vetterli, M. and DeVore, R. A. and Daubechies, I.},
  Journal                  = {Information Theory, IEEE Transactions on},
  Year                     = {1998},
  Number                   = {6},
  Pages                    = {2435-2476},
  Volume                   = {44},

  Owner                    = {unlandable},
  Timestamp                = {2015.03.14},
  Type                     = {Journal Article}
}

@Article{2-28,
  Title                    = {A generalized uncertainty principle and sparse representation in pairs of bases},
  Author                   = {Elad, M. and Bruckstein, A. M.},
  Journal                  = {Ieee Transactions on Information Theory},
  Year                     = {2002},

  Month                    = {Sep},
  Number                   = {9},
  Pages                    = {2558-2567},
  Volume                   = {48},

  Owner                    = {unlandable},
  Timestamp                = {2015.03.16}
}

@Article{2-29,
  Title                    = {On sparse representation in pairs of bases},
  Author                   = {Feuer, A. and Nemirovski, A.},
  Journal                  = {Information Theory, IEEE Transactions on},
  Year                     = {2003},
  Number                   = {6},
  Pages                    = {1579-1581},
  Volume                   = {49},

  Owner                    = {unlandable},
  Timestamp                = {2015.03.16}
}

@Article{2-30,
  Title                    = {On sparse representations in arbitrary redundant bases},
  Author                   = {Fuchs, J. J.},
  Journal                  = {Ieee Transactions on Information Theory},
  Year                     = {2004},

  Month                    = {Jun},
  Number                   = {6},
  Pages                    = {1341-1344},
  Volume                   = {50},

  Owner                    = {unlandable},
  Timestamp                = {2015.03.16}
}

@InProceedings{13,
  Title                    = {Improved time bounds for near-optimal sparse Fourier representations},
  Author                   = {Gilbert, A. C. and Muthukrishnan, S. and Strauss, M.},
  Year                     = {2005},
  Pages                    = {59141A-59141A-15},
  Volume                   = {5914},

  Journal                  = {Proc. SPIE},
  Owner                    = {unlandable},
  Timestamp                = {2015.03.11},
  Type                     = {Conference Proceedings}
}

@Article{2-33,
  Title                    = {Sparse representations in unions of bases},
  Author                   = {Gribonval, R. and Nielsen, M.},
  Journal                  = {Ieee Transactions on Information Theory},
  Year                     = {2003},

  Month                    = {Dec},
  Number                   = {12},
  Pages                    = {3320-3325},
  Volume                   = {49},

  Owner                    = {unlandable},
  Timestamp                = {2015.03.16}
}

@Article{20,
  Title                    = {Signal reconstruction from noisy random projections},
  Author                   = {Haupt, J. and Nowak, R.},
  Journal                  = {Ieee Transactions on Information Theory},
  Year                     = {2006},

  Month                    = {Sep},
  Number                   = {9},
  Pages                    = {4036-4048},
  Volume                   = {52},

  Owner                    = {unlandable},
  Timestamp                = {2015.03.13},
  Type                     = {Journal Article}
}

@Article{28,
  Title                    = {Rapid MR imaging with Compressed Sensing and randomly under-sampled 3DFT trajectories},
  Author                   = {M. Lustig,D. L. Donoho,J. M. Pauly},
  Journal                  = {in Proc. 14th},
  Year                     = {2006},

  Owner                    = {unlandable},
  Timestamp                = {2015.03.13}
}

@Article{2-37,
  Title                    = {Randomized Interpolation and Approximation of Sparse Polynomials},
  Author                   = {Mansour, Yishay},
  Journal                  = {SIAM Journal on Computing},
  Year                     = {1995},
  Number                   = {2},
  Pages                    = {357-368},
  Volume                   = {24},

  Owner                    = {unlandable},
  Timestamp                = {2015.03.16}
}

@Article{24,
  Title                    = {Uniform Uncertainty Principle for Bernoulli and Subgaussian Ensembles},
  Author                   = {Mendelson, Shahar and Pajor, Alain and Tomczak-Jaegermann, Nicole},
  Journal                  = {Constructive Approximation},
  Year                     = {2008},

  Month                    = {2008/12/01},
  Number                   = {3},
  Pages                    = {277-289},
  Volume                   = {28},

  Owner                    = {unlandable},
  Timestamp                = {2015.03.13},
  Type                     = {Journal Article}
}

@InProceedings{11,
  Title                    = {Spectrum-blind minimum-rate sampling and reconstruction of multiband signals},
  Author                   = {Ping, Feng and Bresler, Y.},
  Booktitle                = {Acoustics, Speech, and Signal Processing, 1996. ICASSP-96. Conference Proceedings., 1996 IEEE International Conference on},
  Year                     = {1996},
  Month                    = {May},
  Pages                    = {1688-1691 vol. 3},
  Volume                   = {3},

  Owner                    = {unlandable},
  Timestamp                = {2015.03.11},
  Type                     = {Conference Proceedings}
}

@Article{25,
  Title                    = {On sparse reconstruction from Fourier and Gaussian measurements},
  Author                   = {Rudelson, M. and Vershynin, R.},
  Journal                  = {Communications on Pure and Applied Mathematics},
  Year                     = {2008},

  Month                    = {Aug},
  Number                   = {8},
  Pages                    = {1025-1045},
  Volume                   = {61},

  Owner                    = {unlandable},
  Timestamp                = {2015.03.13},
  Type                     = {Journal Article}
}

@Article{Santosa1986,
  Title                    = {Linear inversion of band-limited reflection seismograms},
  Author                   = {F. Santosa and W.W. Symes},
  Journal                  = {SIAM J. Sci. Statist. Comput.},
  Year                     = {1986},
  Number                   = {4},
  Pages                    = {1307-1330},
  Volume                   = {7},

  Owner                    = {unlandable},
  Timestamp                = {2015.03.10}
}

@Article{29,
  Title                    = {A compressed sensing camera: New theory and an implementation using digital micromirrors},
  Author                   = {Takhar, D and Bansal, V and Wakin, M and Duarte, M and Baron, D and Kelly, KF and Baraniuk, RG},
  Journal                  = {Proc. Computational Imaging IV at SPIE Electronic Imaging, San Jose},
  Year                     = {2006},

  Owner                    = {unlandable},
  Timestamp                = {2015.03.14},
  Type                     = {Journal Article}
}

@Article{21,
  Title                    = {Regression Shrinkage and Selection Via the Lasso},
  Author                   = {Tibshirani, Robert},
  Journal                  = {Journal of the Royal Statistical Society, Series B},
  Year                     = {1994},
  Number                   = {1},
  Pages                    = {267-288},
  Volume                   = {58},

  Owner                    = {unlandable},
  Timestamp                = {2015.03.13},
  Type                     = {Journal Article}
}

@Article{Tropp2004,
  Title                    = {Greed is good: algorithmic results for sparse approximation},
  Author                   = {Tropp, J. A.},
  Journal                  = {Information Theory, IEEE Transactions on},
  Year                     = {2004},
  Number                   = {10},
  Pages                    = {2231-2242},
  Volume                   = {50},

  Owner                    = {unlandable},
  Timestamp                = {2015.03.22}
}

@Article{Tropp2007,
  Title                    = {Signal Recovery From Random Measurements Via Orthogonal Matching Pursuit},
  Author                   = {Tropp, J. A. and Gilbert, A. C.},
  Journal                  = {Information Theory, IEEE Transactions on},
  Year                     = {2007},
  Number                   = {12},
  Pages                    = {4655-4666},
  Volume                   = {53},

  Owner                    = {unlandable},
  Timestamp                = {2015.03.10}
}

@Article{12,
  Title                    = {Sampling signals with finite rate of innovation},
  Author                   = {Vetterli, M. and Marziliano, P. and Blu, T.},
  Journal                  = {Ieee Transactions on Signal Processing},
  Year                     = {2002},
  Number                   = {6},
  Pages                    = {1417-1428},
  Volume                   = {50},

  Owner                    = {unlandable},
  Timestamp                = {2015.03.11},
  Type                     = {Journal Article}
}
@Book{Mathintro,
  Title                    = {A Mathematical Introduction to Compressive Sensing},
  Author                   = {Foucart, Simon, Rauhut, Holger},
  Publisher                = {Springer New York},
  Year                     = {2013},

  Owner                    = {unlandable},
  Timestamp                = {2015.03.13}
}
