%% This BibTeX bibliography file was created using BibDesk.
%% http://bibdesk.sourceforge.net/


%% Created for Dongbo Huang at 2015-09-15 19:03:36 +0800 


%% Saved with string encoding Unicode (UTF-8) 



@article{Anastasi2009,
	Abstract = {{In the last years, wireless sensor networks (WSNs) have gained
	increasing attention from both the research community and actual users.
	As sensor nodes are generally battery-powered devices, the critical
	aspects to face concern how to reduce the energy consumption of nodes,
	so that the network lifetime can be extended to reasonable times. In
	this paper we first break down the energy consumption for the components
	of a typical sensor node, and discuss the main directions to energy
	conservation in WSNs. Then, we present a systematic and comprehensive
	taxonomy of the energy conservation schemes, which are subsequently
	discussed in depth. Special attention has been devoted to promising
	solutions which have not yet obtained a wide attention in the
	literature, such as techniques for energy efficient data acquisition.
	Finally we conclude the paper with insights for research directions
	about energy conservation in WSNs. (C) 2008 Elsevier B.V. All rights
	reserved.}},
	Address = {{PO BOX 211, 1000 AE AMSTERDAM, NETHERLANDS}},
	Affiliation = {{Marco, C (Reprint Author), CNR, IIT, Via G Moruzzi 1, I-56124 Pisa, Italy. Conti, Marco; Passarella, Andrea, CNR, IIT, I-56124 Pisa, Italy. Anastasi, Giuseppe; Di Francesco, Mario, Univ Pisa, Dept Informat Engn, I-56122 Pisa, Italy.}},
	Author = {Anastasi, Giuseppe and Conti, Marco and Di Francesco, Mario and Passarella, Andrea},
	Author-Email = {{giuseppe.anastasi@iet.unipi.it marco.conti@iit.cnr.it mario.difrancesco@iet.unipi.it andrea.passarella@iit.cnr.it}},
	Cited-References = {{AKKAYA K, 2004, P IEEE COMM SOC GLOB, P16. Akyildiz I. F., 2004, AD HOC NETW, V2, P351, DOI DOI 10.1016/J.ADH0C.2004.04.003]. Akyildiz I. F., 2005, Ad Hoc Networks, V3, DOI 10.1016/j.adhoc.2005.01.004. Akyildiz IF, 2002, COMPUT NETW, V38, P393, DOI 10.1016/S1389-1286(01)00302-4. Akyildiz IF, 2007, COMPUT NETW, V51, P921, DOI 10.1016/j.comnet.2006.10.002. Alippi C., 2007, P IEEE INT WORKSH MO. Anastasi G., 2007, P IEEE INT S WORLD W. ANASTASI G, 2008, ADAPTATION CROSS LAY, pCH13. ANASTASI G, MOBILE AD H IN PRESS, pCH6. Anastasi G., 2005, PERVASIVE MOBILE COM, V1. ANASTASI G, 2008, P 13 IEEE S COMP COM. ANASTASI G, 2006, P 4 ACM INT WORKSH M. {[}Anonymous], 1999, 80211 IEEE. Ansari J., 2008, P 5 EUR C WIR SENS N. Arisha K, 2002, P IEEE WORKSH INT MA. Armstrong T., WAKE UP BASED POWER. BASAGNI S, 2007, ACM ELSEVIER J WIREL. Basseville M., 1993, DETECTION ABRUPT CHA. BOLONI L, 2007, SPECIAL ISSUE WILEYS. BUONADONNA P, 2005, P EUR WORKSH SENS NE. CAO Q, 2005, P INT C INF PROC SEN. Casari P, 2005, P MIL COMM C 2005 MI, V1, P59. Cerpa A., 2002, P IEEE INF. Chakrabarty A., 2003, P 2 INT WORKSH INF P, P129. CHATTERJEA S, 2004, P 2 INT C INT SENS S. Chatzigiannakis I, 2006, P INT WORKSH MOB MAN, P52, DOI 10.1145/1164783.1164793. Chen K, 2002, J TELEMED TELECARE, V8, P5, DOI 10.1258/13576330260440673. Chu D., 2006, P 22 INT C DAT ENG I, P48, DOI DOI 10.1109/ICDE.2006.21. Dam T. V., 2003, 1 ACM C EMB NETW SEN. Demirkol I., 2006, IEEE COMMUNICATIONS. Deshpande A., 2006, P 2006 ACM SIGMOD IN, P73, DOI 10.1145/1142473.1142483. Deshpande A., 2004, P 30 INT C VER LARG. DIAMOND D, 2006, EN MAT CRIT ISS WIR. Dini G., 2008, P 5 EUR C WIR SENS N, P253. DITZEL M, 2006, P 3 EUR RAD C EURAD. DOUSSE O, 2004, P 5 ACM INT S MOB AD. Ekici E., 2006, IEEE Communications Magazine, V44, DOI 10.1109/MCOM.2006.1668382. EPHREMIDES A, 1982, IEEE T SOFTWARE ENG, V8, P52, DOI 10.1109/TSE.1982.234774. FAIZULKHAKOV YR, 2007, TIME SYNCHRONIZATION, V33. Fasolo E, 2007, IEEE WIREL COMMUN, V14, P70, DOI 10.1109/MWC.2007.358967. Gandham S. R., 2003, P IEEE GLOB 2003 SAN, V1, P377. Ganesan D, 2004, J PARALLEL DISTR COM, V64, P799, DOI 10.1016/j.jpdc.2004.03.016. Gedik B., 2007, IEEE T PARALLEL DIST, V18. Godfrey P.B., 2004, P 3 INT S INF PROC S. Goel S., 2006, P IEEE INT WORKSH SE. Goel S., 2001, ACM COMPUTER COMMUNI, V31. Grimmett G., 1999, PERCOLATION. Gu L, 2005, REAL-TIME SYST, V29, P157, DOI 10.1007/s11241-005-6883-z. GUO L, 2001, P IEEE GLOBECOM. Haartsen JC, 2000, IEEE PERS COMMUN, V7, P28, DOI 10.1109/98.824570. Haas ZJ, 2006, IEEE ACM T NETWORK, V14, P27, DOI 10.1109/TNET.2005.863461. HAHLT B, 2004, P ACM WORKSH INF PRO. Halkes G.P., 2007, P 4 EUR C WIR SENS N. Han Q., 2004, Proceedings. The 2nd IEEE International Conference on Distributed Computing Systems. Heinzelman W., 2000, P HAW INT C SYST SCI. Hill J., 2000, P ASPLOS 2000 NOV. HOHLT B, 2006, P 2 IEEE ACM INT C D. {*}IEEE, 2006, IEEE PERV COMP RFID, V4. {*}IEEE, 2005, IEEE PERV COMP EN HA, V4. IEEE, 2003, 802154 IEEE. Intanagonwiwat Chalermek, 2000, P 6 ANN INT C MOB CO. Jain A., 2004, P 2004 ACM SIGMOD IN, P11, DOI 10.1145/1007568.1007573. Jain A., 2004, Proceedings of the 37th Annual Hawaii International Conference on System Sciences, DOI 10.1145/1052199.1052202. JAIN S, 2006, ACM SPRINGER MOBILE, V11, P327. Jea D, 2005, P 1 IEEE ACM INT C D. JENKINS A, 2007, P AIAA INF AER 2007. JUANG P, 2002, P ARCH SUPP PROGR LA. JUN H, 2005, P IEEE PERCOM WORKSH. Jun H., 2005, P IEEE C SENS AD HOC. Kanagal B, 2008, P 24 INT C DAT ENG I. Kansal A., 2004, P 2 INT C MOB SYST A, P111, DOI DOI 10.1145/990064.990080. KARL H, 2005, TOPOLOGY CONTROL, pCH10. Keshavarzian A., 2006, P 7 ACM INT S MOB AD, P322, DOI 10.1145/1132905.1132941. Kho J., 2007, P 1 INT WORKSH AG TE. KIJEWSKICORREA T, 2006, ASCE STRUCT 2006 C. Kim H. S., 2003, P 1 INT C EMB NETW S, P193. KONG Z, 2007, P 8 ACM INT S MOB AD. KOUSHANFAR F, 2006, P INF 2006 BARC SPAI. Langendoen K., 2003, COMPUTER NETWORKS, V43. Langendoen K., 2008, MEDIUM ACCESS CONTRO, V2. Le Borgne YA, 2007, SIGNAL PROCESS, V87, P3010, DOI 10.1016/j.sigpro.2007.05.015. LI J, 2004, P 3 INT S INF PROC S, P56. Li Y., 2005, P IEEE WIR COMM NETW. Lu G., 2004, Proceedings. 18th International Parallel and Distributed Processing Symposium. LU G, 2005, P IEEE INF 2005 MARC. Luo HY, 2005, WIREL NETW, V11, P161, DOI 10.1007/s11276-004-4753-x. Luo J., 2005, P 24 ANN C IEEE COMP, V3, P1735. MADDEN S, 2002, P ANN S OP SYST DES. Madden SR, 2005, ACM T DATABASE SYST, V30, P122, DOI 10.1145/1061318.1061322. Mainwaring A., 2002, P 1 ACM INT WORKSH W, P88, DOI DOI 10.1145/570738.570751. MALESCI U, 2006, P 3 EUR C WIR SENS N. Mao GQ, 2007, COMPUT NETW, V51, P2529, DOI 10.1016/j.comnet.2006.11.018. Melodia T, 2005, IEEE J SEL AREA COMM, V23, P520, DOI 10.1109/JSAC.2004.842557. Mirza D., 2005, Proceedings. First International Conference on Wireless Internet. Mohapatra P., 2007, PERVASIVE MOB COMPUT, V3, P233, DOI 10.1016/j.pmcj.2006.11.001. NAIK P, 2004, WIRELESS SENSOR NETW, pCH5. NOSOVICH M, 2000, P ANN IEEE COMP COMM. PADHY P, 2006, P 5 INT JOINT C AUT. Pantazis NA, 2007, IEEE COMMUN SURV TUT, V9, P86, DOI 10.1109/COMST.2007.4444752. Papadimitriou I., 2006, J COMMUNICATIONS SOF, V2, P141. PARUCHURI V, 2004, P IEEE INT C BROADB. Polastre J., 2004, P 2 ACM C EMB NETW S. Pottie GJ, 2000, COMMUN ACM, V43, P51, DOI 10.1145/332833.332838. Pradhan SS, 2003, IEEE T INFORM THEORY, V49, P626, DOI 10.1109/TIT.2002.808103. PRATI A, 2005, P 3 ACM INT WORKSH V. RABAEY J, 2002, P INT SOLID STAT CIR. Raghunathan V, 2006, IEEE COMMUN MAG, V44, P108, DOI 10.1109/MCOM.2006.1632657. Raghunathan V, 2002, IEEE SIGNAL PROC MAG, V19, P40, DOI 10.1109/79.985679. Rahimi M, 2005, P IEEE RSJ INT C INT, P3692. Rahimi M. H., 2005, P 3 INT C EMB NETW S, P192, DOI 10.1145/1098918.1098939. Rajendran V., 2003, P ACM SENSYS 2003 LO. Rajendran V., 2005, P 2 IEEE C MOB AD HO. RHEE I, 2005, P ACM SENSYS 2005 S. SADAPHAL VP, 2007, P 4 IEEE INT C MOB A. Santi P, 2005, ACM COMPUT SURV, V37, P164, DOI 10.1145/1089733.1089736. Schott B., 2005, P INT S INF PROC SEN, P469. Schurgers C., 2002, IEEE Transactions on Mobile Computing, V1, DOI 10.1109/TMC.2002.1011060. Schurgers C., 2002, IEEE AER C 02 BIG SK. Shah RC, 2003, PROCEEDINGS OF THE FIRST IEEE INTERNATIONAL WORKSHOP ON SENSOR NETWORK PROTOCOLS AND APPLICATIONS, P30, DOI 10.1109/SNPA.2003.1203354. SHIH E, 2002, P ACM MOBICOM 2002 A. Simon G., 2004, P 2 INT C EMB NETW S. Singh A., 2006, P IEEE RSJ INT C INT, P328. Sivrikaya F, 2004, IEEE NETWORK, V18, P45, DOI 10.1109/MNET.2004.1316761. SMALL T, 2003, P ACM MOBIHOC 2003. SOLIS I, 2004, P IEEE INT C COMM IC. Somasundara A. A., 2004, Proceedings. 25th IEEE International Real-Time Systems Symposium. Somasundara AA, 2006, IEEE T MOBILE COMPUT, V5, P958, DOI 10.1109/TMC.2006.109. Stinson D., 2003, COMBINATORIAL DESIGN. Tang C., 2004, COMPRESSION TECHNIQU, P207. TSENG Y, 2002, P IEEE INF 2002 NEW. Tseng YC, 2007, COMPUTER, V40, P60, DOI 10.1109/MC.2007.211. Tulone D., 2006, P 3 EUR C WIR SENS N. Tulone D., 2006, P 9 INT ACM S MOD AN, P291. van Hoesel L., 2004, P 1 INT WORKSH NETW. VASILESCU I, 2005, P 3 ACM C EMB NETW S. Venkitasubramaniam P, 2004, IEEE J SEL AREA COMM, V22, P1058, DOI 10.1109/JSAC.2004.830899. Vuran MC, 2006, IEEE ACM T NETWORK, V14, P316, DOI 10.1109/TNET.2006.872544. Vuran MC, 2004, COMPUT NETW, V45, P245, DOI 10.1016/j.comnet.2004.03.007. Wang Z. M., 2005, P 38 ANN HAW INT C S. Warrier A, 2007, COMPUT COMMUN, V30, P2867, DOI 10.1016/j.comcom.2007.05.019. Werner-Allen G., 2006, IEEE INTERNET COMPUT. Willett R., 2004, P 3 INT S INF PROC S, P124, DOI 10.1145/984622.984641. WU M, 2006, MULTIPLE BIT STREAM, P677. Xiong ZX, 2004, IEEE SIGNAL PROC MAG, V21, P80. Xu Y, 2001, P 7 ANN INT C MOB CO, P70, DOI 10.1145/381677.381685. Yang X., 2004, P 10 IEEE REAL TIM E, P19. YE W, 2004, WIRELESS SENSOR NETW, pCH4. Ye W, 2004, IEEE ACM T NETWORK, V12, P493, DOI 10.1109/TNET.2004.828953. ZHAO W, 2004, P ACM MOBIHOC 2004 T. Zheng R., 2003, P 4 ACM INT S MOB AD, P35. ZHENG T, 2005, P 19 IEEE INT PAR DI. Zhou J, 2007, J COMPUT SCI TECHNOL, V22, P121, DOI 10.1007/s11390-007-9017-7. Zorzi M, 2003, IEEE T MOBILE COMPUT, V2, P337, DOI 10.1109/TMC.2003.1255648. Zorzi M, 2003, IEEE T MOBILE COMPUT, V2, P349, DOI 10.1109/TMC.2003.1255650.}},
	Date-Modified = {2015-09-15 11:03:33 +0000},
	Doc-Delivery-Number = {{408CQ}},
	Doi = {{10.1016/j.adhoc.2008.06.003}},
	Funding-Acknowledgement = {{Italian Ministry for Education and Scientific Research (MIUR); FIRB ArtDeCO (Adaptive InfRasTructures for DECentralized Organizations); Information Society Technologies Program of the European Commission {[}FP6-2005-NEST-PATH MEMORY]}},
	Funding-Text = {{This work was carried out under the financial support of the Italian Ministry for Education and Scientific Research (MIUR) in the framework of the FIRB ArtDeCO (Adaptive InfRasTructures for DECentralized Organizations) project and the Information Society Technologies Program of the European Commission under the FP6-2005-NEST-PATH MEMORY project.}},
	Issn = {{1570-8705}},
	Journal = {{AD HOC NETWORKS}},
	Journal-Iso = {{Ad Hoc Netw.}},
	Keywords = {{Wireless sensor networks; Survey; Energy efficiency; Power management}},
	Keywords-Plus = {{RANDOM FORWARDING GERAF; MEDIUM ACCESS-CONTROL; AD HOC; TOPOLOGY CONTROL; SYSTEM; PERFORMANCE; MODEL}},
	Language = {{English}},
	Month = {{MAY}},
	Number = {{3}},
	Number-Of-Cited-References = {{154}},
	Pages = {{537-568}},
	Publisher = {{ELSEVIER SCIENCE BV}},
	Research-Areas = {{Computer Science; Telecommunications}},
	Researcherid-Numbers = {{gong, junie/G-5880-2010}},
	Times-Cited = {{500}},
	Title = {{Energy conservation in wireless sensor networks: A survey}},
	Type = {{Review}},
	Unique-Id = {{ISI:000263411600005}},
	Volume = {{7}},
	Web-Of-Science-Categories = {{Computer Science, Information Systems; Telecommunications}},
	Year = {{2009}},
	Bdsk-Url-1 = {http://dx.doi.org/10.1016/j.adhoc.2008.06.003%7D}}
