@Article{Candes2006,
  Title                    = {Robust uncertainty principles: exact signal reconstruction from highly incomplete frequency information},
  Author                   = {Candes, E. J. and Romberg, J. and Tao, T.},
  Journal                  = {Information Theory, IEEE Transactions on},
  Year                     = {2006},
  Number                   = {2},
  Pages                    = {489-509},
  Volume                   = {52},
  Owner                    = {unlandable},
  Timestamp                = {2015.03.10},
  Type                     = {Journal Article}
}

@Article{Donoho2006,
  Title                    = {Compressed sensing},
  Author                   = {Donoho, D. L.},
  Journal                  = {Ieee Transactions on Information Theory},
  Year                     = {2006},
  Month                    = {Apr},
  Number                   = {4},
  Pages                    = {1289-1306},
  Volume                   = {52},
  Owner                    = {unlandable},
  Timestamp                = {2015.03.13},
  Type                     = {Journal Article}
}


