% This file was created with JabRef 2.10.
% Encoding: GBK


@Article{9,
  Title                    = {Error correction via linear programming},
  Author                   = {E. Cand`es and M. Rudelson and T. Tao and R. Vershynin},
  Journal                  = {Annual IEEE Symposium on Foundations of Computer Science, (Pittsburgh, PA), pp. 295每308},
  Year                     = {Oct. 2005},

  Owner                    = {unlandable},
  Timestamp                = {2015.02.28}
}

@Article{13,
  Title                    = {Compressive sampling},
  Author                   = {E. J. Cand`es},
  Journal                  = {International Congress of Mathematicians},
  Year                     = {2006},
  Pages                    = {1433-1452},
  Volume                   = {3},

  Address                  = {Madrid, Spain},
  Owner                    = {unlandable},
  Timestamp                = {2015.02.28}
}

@Article{8,
  Title                    = {Slepian-Wolf coding of binary finite memory sources using Burrows Wheeler transform},
  Author                   = {C. Chen and X. Ji and Q. Dai and X. Liu},
  Journal                  = {Data Compression Conference},
  Year                     = {2009},

  Month                    = {Mar},

  __markedentry            = {[unlandable:1]},
  Address                  = {Snowbird, UT},
  Owner                    = {unlandable},
  Timestamp                = {2015.02.24}
}

@Article{Cotter2005,
  Title                    = {Sparse solutions to linear inverse problems with multiple measurement vectors},
  Author                   = {S. F. Cotter and B. D. Rao and K. Engan and K. Kreutz-Delgado},
  Journal                  = {IEEE Trans. Signal Proc.},
  Year                     = {2005},

  Month                    = {July},
  Pages                    = {2477-2488},
  Volume                   = {51},

  Owner                    = {unlandable},
  Timestamp                = {2015.03.03}
}

@Article{2,
  Title                    = {Elements of Information Theory},
  Author                   = {T. M. Cover and J. A. Thomas},
  Journal                  = {New York: Wiley},
  Year                     = {1991},

  Owner                    = {unlandable},
  Timestamp                = {2015.02.24}
}

@Article{17,
  Title                    = {Subspace pursuit for compressive sensing: Closing the gap between performanceand complexity},
  Author                   = {W. Dai and O. Milenkovic},
  Year                     = {Mar. 2008},

  Owner                    = {unlandable},
  Timestamp                = {2015.02.28}
}

@Article{11,
  Title                    = {High-dimensional centrally symmetric polytopes with neighborliness proportional to dimension},
  Author                   = {D. Donoho},
  Journal                  = {Discrete and Computational Geometry, vol. 35, pp. 617每652},
  Year                     = {2006},

  Month                    = {Mar},

  Owner                    = {unlandable},
  Timestamp                = {2015.02.28}
}

@Article{14,
  Title                    = {Compressed sensing},
  Author                   = {D. Donoho},
  Journal                  = {IEEE Trans. Inform. Theory},
  Year                     = {2006},

  Month                    = {Apr},
  Pages                    = {1289-1306},
  Volume                   = {52},

  Owner                    = {unlandable},
  Timestamp                = {2015.02.28}
}

@Article{10,
  Title                    = {Neighborliness of randomly projected simplices in high dimensions},
  Author                   = {D. Donoho and J. Tanner},
  Journal                  = {Proc. National Academy of Sciences, vol. 102, no. 27, pp.9452每457},
  Year                     = {2005},

  Owner                    = {unlandable},
  Timestamp                = {2015.02.28}
}

@Article{12,
  Title                    = {Counting faces of randomly projected polytopes when the projection radically lowers dimension},
  Author                   = {D. L. Donoho and J. Tanner},
  Journal                  = {Journal of the American Mathematical Society, vol. 22, pp. 1每53},
  Year                     = {Jan. 2009},

  Owner                    = {unlandable},
  Timestamp                = {2015.02.28}
}

@Article{Estrin2002,
  Title                    = {Connecting the physical world with pervasive networks},
  Author                   = {D. Estrin and D. Culler, K. Pister and and G. Sukhatme},
  Journal                  = {IEEE Pervasive Computing},
  Year                     = {2002},
  Number                   = {1},
  Pages                    = {59-69},
  Volume                   = {1},

  Owner                    = {unlandable},
  Timestamp                = {2015.03.03}
}

@Article{7,
  Title                    = {LDPC codes for compression of multi-terminal sources with hidden Markov correlation},
  Author                   = {J. Garcia-Frias and W. Zhong},
  Journal                  = {IEEE Communications Letters, vol. 7, pp. 115嚙瘠117, Mar},
  Year                     = {Mar. 2003},

  Owner                    = {unlandable},
  Timestamp                = {2015.02.24}
}

@Article{1,
  Title                    = {A Wavelet Tour of Signal Processing},
  Author                   = {S. Mallat},
  Journal                  = {Academic Press},
  Year                     = {1999},

  Address                  = {San Diego},
  Owner                    = {unlandable},
  Timestamp                = {2015.02.24}
}

@Article{16,
  Title                    = {CoSaMP: Iterative signal recovery from incomplete and inaccurate samples},
  Author                   = {D. Needell and J. Tropp},
  Journal                  = {Applied and Computational Harmonic Analysis},
  Year                     = {June 2008},

  Owner                    = {unlandable},
  Timestamp                = {2015.02.28}
}

@Article{15,
  Title                    = {Uniform uncertainty principle and signal recovery via regularized orthogonal matching pursuit},
  Author                   = {D. Needell and R. Vershynin},
  Journal                  = {Preprint},
  Year                     = {Dec. 2007},

  Owner                    = {unlandable},
  Timestamp                = {2015.02.28}
}

@Article{Pottie2000,
  Title                    = {Wireless integrated network sensors},
  Author                   = {G. J. Pottie and W. J. Kaiser},
  Journal                  = {Comm. ACM},
  Year                     = {2000},
  Number                   = {5},
  Pages                    = {51-58},
  Volume                   = {43},

  Owner                    = {unlandable},
  Timestamp                = {2015.03.03}
}

@Article{4,
  Title                    = {Distributed source coding using syndromes (DISCUS): Design and construction},
  Author                   = {S. Pradhan and K. Ramchandran},
  Journal                  = {IEEE Trans. Inform. Theory, vol. 49, pp. 626-643},
  Year                     = {Mar. 2003},

  Owner                    = {unlandable},
  Timestamp                = {2015.02.24}
}

@Conference{Puri2002,
  Title                    = {PRISM: A new robust video coding architecture based on distributed compression principles},
  Author                   = {R. Puri and K. Ramchandran},
  Booktitle                = {Allerton Conf. Communication, Control, and Computing},
  Year                     = {2002},

  Address                  = {Monticello, IL},
  Month                    = {Mar},

  Owner                    = {unlandable},
  Timestamp                = {2015.03.03}
}

@Article{3,
  Title                    = {Noiseless coding of correlated information sources},
  Author                   = {D. Slepian and J. K. Wolf},
  Journal                  = {IEEE Trans. Inform. Theory, vol. 19, pp. 471-480},
  Year                     = {July 1973},

  Owner                    = {unlandable},
  Timestamp                = {2015.02.24}
}

@Article{Temlyakov2004,
  Title                    = {A remark on simultaneous sparse approximation},
  Author                   = {V. N. Temlyakov},
  Journal                  = {East J. Approx.},
  Year                     = {2004},
  Pages                    = {17-25},
  Volume                   = {100},

  Owner                    = {unlandable},
  Timestamp                = {2015.03.03}
}

@Conference{Tropp2005,
  Title                    = {Simulataneous sparse approximation via greedy pursuit},
  Author                   = {J. Tropp and A. C. Gilbert and M. J. Strauss},
  Booktitle                = {IEEE Int. Conf. Acoustics, Speech, Signal Proc. (ICASSP)},
  Year                     = {2005},

  Address                  = {Philadelphia},
  Month                    = {Mar},

  Owner                    = {unlandable},
  Timestamp                = {2015.03.03}
}

@Article{6,
  Title                    = {Universal coding for correlated sources with memory},
  Author                   = {T. Uyematsu},
  Journal                  = {Canadian Workshop Inform. Theory. Vancouver, Canada},
  Year                     = {June 2001},

  Owner                    = {unlandable},
  Timestamp                = {2015.02.24}
}

@Conference{Wagner2000,
  Title                    = {Distributed image compression for sensor networks using correspondence analysis and super-resolution},
  Author                   = {R. Wagner and R. G. Baraniuk and R. D. Nowak},
  Booktitle                = {Data Comp. Conf. (DCC)},
  Year                     = {2000},
  Month                    = {Mar},

  Owner                    = {unlandable},
  Timestamp                = {2015.03.03}
}

@Article{5,
  Title                    = {Distributed source coding for sensor networks},
  Author                   = {Z. Xiong and A. Liveris and S. Cheng},
  Journal                  = {IEEE Signal Proc. Mag. vol. 21, pp. 80嚙瘠94},
  Year                     = {Sept. 2004},

  Owner                    = {unlandable},
  Timestamp                = {2015.02.24}
}

